@string{aaecc = "Applicable Algebra in Engineering, Communication and
                 Computing"}
@string{fi    = "Fundamenta Informaticae"}
@string{ic    = "Information and Computation"}
@string{ipl   = "Information Processing Letters"}
@string{jar   = "Journal of Automated Reasoning"}
@string{jsc   = "Journal of Symbolic Computation"}
@string{lnai  = "Lecture Notes in Artificial Intelligence"}
@string{lncs  = "Lecture Notes in Computer Science"}
@string{lnai  = "LNAI"}
@string{lncs  = "LNCS"}
@string{tcs   = "Theoretical Computer Science"}
@string{entcs = "Electronic Notes in Theoretical Computer Science"}

@inproceedings{Bonchi:2013:CNE:2429069.2429124,
 author = {Bonchi, Filippo and Pous, Damien},
 title = {{Checking NFA Equivalence with Bisimulations Up to Congruence}},
 booktitle = {{Proceedings of the 40th Annual ACM SIGPLAN-SIGACT Symposium on Principles of Programming Languages}},
 series = {POPL '13},
 year = {2013},
 isbn1 = {978-1-4503-1832-7},
 location = {Rome, Italy},
 pages = {457--468},
 numpages = {12},
 url1 = {http://doi.acm.org/10.1145/2429069.2429124},
 doi1 = {10.1145/2429069.2429124},
 acmid = {2429124},
 publisher = {ACM},
 address = {New York, NY, USA},
 keywords = {antichain, automata, bisimulation, coinduction, congruence, language equivalence, up-to techniques},
}


@techreport{hopcroft1971linear,
  title={A linear algorithm for testing equivalence of finite automata},
  author={Hopcroft, John E and Karp, Richard M},
  year={1971},
  institution={Cornell University}
}

@incollection{doyen2010antichain,
  title={Antichain algorithms for finite automata},
  author={Doyen, Laurent and Raskin, Jean-Fran{\c{c}}ois},
  booktitle={Tools and Algorithms for the Construction and Analysis of Systems},
  pages={2--22},
  year={2010},
  publisher={Springer}
}

@incollection{abdulla2010simulation,
  title={When simulation meets antichains},
  author={Abdulla, Parosh Aziz and Chen, Yu-Fang and Hol{\'\i}k, Luk{\'a}{\v{s}} and Mayr, Richard and Vojnar, Tom{\'a}{\v{s}}},
  booktitle={Tools and Algorithms for the Construction and Analysis of Systems},
  pages={158--174},
  year={2010},
  publisher={Springer}
}

@incollection{lengal2012vata,
  title={Vata: A library for efficient manipulation of non-deterministic tree automata},
  author={Leng{\'a}l, Ond{\v{r}}ej and {\v{S}}im{\'a}{\v{c}}ek, Ji{\v{r}}{\'\i} and Vojnar, Tom{\'a}{\v{s}}},
  booktitle={Tools and Algorithms for the Construction and Analysis of Systems},
  pages={79--94},
  year={2012},
  publisher={Springer}
}
